@article{einstein,
    author =       "Albert Einstein",
    title =        "{Zur Elektrodynamik bewegter K{\"o}rper}. ({German})
        [{On} the electrodynamics of moving bodies]",
    journal =      "Annalen der Physik",
    volume =       "322",
    number =       "10",
    pages =        "891--921",
    year =         "1905",
    DOI =          "http://dx.doi.org/10.1002/andp.19053221004"
}

@article{resnick,
	author = {Resnick, Mitchel and Maloney, John and Monroy-Hern\'{a}ndez, Andr{\'e}s and Rusk, Natalie and Eastmond, Evelyn and Brennan, Karen and Millner, Amon and Rosenbaum, Eric and Silver, Jay and Silverman, Brian and Kafai, Yasmin},
	title = {Scratch: Programming for All},
	journal = {Commun. ACM},
	issue_date = {November 2009},
	volume = {52},
	number = {11},
	month = nov,
	year = {2009},
	issn = {0001-0782},
	pages = {60--67},
	numpages = {8},
	url = {http://doi.acm.org/10.1145/1592761.1592779},
	doi = {10.1145/1592761.1592779},
	acmid = {1592779},
	publisher = {ACM},
	address = {New York, NY, USA},
}
 
@book{latexcompanion,
    author    = "Michel Goossens and Frank Mittelbach and Alexander Samarin",
    title     = "The \LaTeX\ Companion",
    year      = "1993",
    publisher = "Addison-Wesley",
    address   = "Reading, Massachusetts"
}
 
@misc{knuthwebsite,
    author    = "Donald Knuth",
    title     = "Knuth: Computers and Typesetting",
    url       = "http://www-cs-faculty.stanford.edu/\~{}uno/abcde.html"
}